<?xml version="1.0" encoding="UTF-8"?><collection xmlns="http://www.loc.gov/MARC21/slim"><record><leader>00380nam--2200133-i-4500</leader><controlfield tag="001">000004529</controlfield><controlfield tag="002">20161230</controlfield><controlfield tag="005">20161230201025</controlfield><controlfield tag="008">060222s1000------------r-----000-0-eng-d</controlfield><datafield ind1=" " ind2=" " tag="080"><subfield code="a">..</subfield></datafield><datafield ind1=" " ind2=" " tag="100"><subfield code="a">Bisi,A.,Bertolini,G</subfield></datafield><datafield ind1=" " ind2=" " tag="245"><subfield code="a">Una camera di ionizzazione a bassa capacita</subfield></datafield><datafield ind1=" " ind2=" " tag="260"><subfield code="a">Milano,Inst.Di Fisica Sperimentale Del Politec Nico Di Milano,1952. 3p.+ L Fig</subfield></datafield><datafield ind1=" " ind2=" " tag="852"><subfield code="a">5980</subfield></datafield></record></collection>